<?xml version="1.0" encoding="UTF-8"?><collection xmlns="http://www.loc.gov/MARC21/slim"><record><leader>00430nam--2200133-i-4500</leader><controlfield tag="001">000030088</controlfield><controlfield tag="002">20161230</controlfield><controlfield tag="005">20161230201038</controlfield><controlfield tag="008">060222s1000------------r-----000-0-eng-d</controlfield><datafield ind1=" " ind2=" " tag="080"><subfield code="a">621.375.826(043)</subfield></datafield><datafield ind1=" " ind2=" " tag="100"><subfield code="a">Lamouroux, Brigitte</subfield></datafield><datafield ind1=" " ind2=" " tag="245"><subfield code="a">Micro-usinage par faisceau laser.utilisation de la sphere de poincare en polarimetrie.application a la photoelasticimetrie.these</subfield></datafield><datafield ind1=" " ind2=" " tag="260"><subfield code="a">Paris, Universite, 1970. 41p</subfield></datafield><datafield ind1=" " ind2=" " tag="852"><subfield code="a">77097</subfield></datafield></record></collection>